<?xml version="1.0" encoding="UTF-8"?><record xmlns="http://www.loc.gov/MARC21/slim" xmlns:cinclude="http://apache.org/cocoon/include/1.0" xmlns:zs="http://www.loc.gov/zing/srw/">
  <leader>00851cz  a2200193n  4500</leader>
  <controlfield tag="001">n 2010006148</controlfield>
  <controlfield tag="003">DLC</controlfield>
  <controlfield tag="005">20130327075709.0</controlfield>
  <controlfield tag="008">100128n| azannaabn          |b aaa      </controlfield>
  <datafield tag="010" ind1=" " ind2=" ">
    <subfield code="a">n 2010006148</subfield>
  </datafield>
  <datafield tag="040" ind1=" " ind2=" ">
    <subfield code="a">DLC</subfield>
    <subfield code="b">eng</subfield>
    <subfield code="e">rda</subfield>
    <subfield code="c">DLC</subfield>
    <subfield code="d">DLC</subfield>
  </datafield>
  <datafield tag="046" ind1=" " ind2=" ">
    <subfield code="f">[1804,1805]</subfield>
    <subfield code="g">1891</subfield>
    <subfield code="2">edtf</subfield>
  </datafield>
  <datafield tag="100" ind1="1" ind2=" ">
    <subfield code="a">Ṭenenboim, Shelomoh Barukh,</subfield>
    <subfield code="d">1804 or 1805-1891</subfield>
  </datafield>
  <datafield tag="400" ind1="0" ind2=" ">
    <subfield code="a">Rashbaṭ,</subfield>
    <subfield code="d">1804 or 1805-1891</subfield>
  </datafield>
  <datafield tag="400" ind1="1" ind2=" ">
    <subfield code="w">nnea</subfield>
    <subfield code="a">Ṭenenboim, Shelomoh Barukh,</subfield>
    <subfield code="d">1804 or 5-1891</subfield>
  </datafield>
  <datafield tag="400" ind1="0" ind2=" ">
    <subfield code="a">רשב"ט</subfield>
  </datafield>
  <datafield tag="400" ind1="1" ind2=" ">
    <subfield code="a">טענענבוים, שלמה ברוך</subfield>
  </datafield>
  <datafield tag="667" ind1=" " ind2=" ">
    <subfield code="a">Non-Latin script reference not evaluated.</subfield>
  </datafield>
  <datafield tag="670" ind1=" " ind2=" ">
    <subfield code="a">ספר חידושי הרשב"ט = Sefer Ḥidushe ha-Rashbaṭ, 2009:</subfield>
    <subfield code="b">t.p. (רבי שלמה ברוך טענענבוים = Rabi Shelomoh Barukh Ṭenenboim, z. ts. ṿe-ḳ.l.; raʼavad di-ḳ.ḳ. Sṭropḳov) p. 7 (b. 565; son of Yehudah; d. 5 Adar 1, 651)</subfield>
  </datafield>
</record>